@book{thrun2005,
  title     = {Probabilistic robotics},
  author    = {Thrun, Sebastian and Burgard, Wolfram and Fox, Dieter},
  year      = {2005},
  publisher = {MIT press}
}

@inproceedings{OKelly2020F1TENTH,
  author    = {O'Kelly, Matthew and Sinha, Aman and Zheng, Hongrui and Kunimghl, Nikhil and Abbas, Houssam and Mangharam, Rahul},
  title     = {{F1TENTH}: An Open-source Evaluation Environment for Continuous Control and Reinforcement Learning},
  booktitle = {Proceedings of the NeurIPS 2019 Competition and Demonstration Track},
  series    = {Proceedings of Machine Learning Research},
  volume    = {123},
  pages     = {77--89},
  year      = {2020},
  publisher = {PMLR}
}

@misc{Betz2022Survey,
  author        = {Betz, Johannes and Zheng, Hongrui and Rahil, Nikhil and Abbas, Houssam and Mangharam, Rahul},
  title         = {Autonomous Vehicles on the Edge: A Survey on Autonomous Vehicle Racing},
  year          = {2022},
  eprint        = {2202.07008v1},
  archiveprefix = {arXiv},
  primaryclass  = {cs.RO},
  month         = feb
}

@inproceedings{Jain2020Bayesrace,
  author    = {Jain, Achin and O'Kelly, Matthew and Chaudhari, Pratik and Morari, Manfred},
  title     = {{BAYESRACE}: Learning to race autonomously using prior experience},
  booktitle = {Proceedings of the 4th Conference on Robot Learning (CoRL 2020)},
  series    = {Proceedings of Machine Learning Research},
  volume    = {155},
  pages     = {1--12},
  year      = {2020},
  publisher = {PMLR}
}

@techreport{Misra2024Report,
  author      = {Misra, Shivangi and Zheng, Dingding and Tang, Weiyi},
  title       = {{F1tenth} Autonomous Racing: Project Report},
  institution = {University of Pennsylvania},
  year        = {2024},
  type        = {Project Report}
}

@article{Karaman2011Optimal,
  author    = {Karaman, Sertac and Frazzoli, Emilio},
  title     = {Optimal sampling-based algorithms for motion planning in high dimensional spaces: a formal analysis of the fundamentals of probabilistic roadmap ({PRM}) and rapidly-exploring random tree ({RRT}) algorithms},
  journal   = {The International Journal of Robotics Research},
  volume    = {30},
  number    = {7},
  pages     = {846--894},
  year      = {2011},
  month     = jul,
  publisher = {Sage Publications}
}

@inproceedings{Babu2020Simulator,
  author    = {Babu, V. Sai Krishna and Behl, Madhur},
  title     = {{f1tenth.dev} - An Open-source {ROS} based {F1/10} Autonomous Racing Simulator},
  booktitle = {2020 IEEE 16th International Conference on Automation Science and Engineering (CASE)},
  year      = {2020},
  pages     = {1614--1620},
  publisher = {IEEE},
  address   = {Online}
}

@misc{Stachowicz2023FastRLAP,
  author        = {Stachowicz, Karol and Raffin, Antonin and K{"{o}}rper, Maximilian and Sch{"{a}}fer, Maximilian and Belzner, Lenz},
  title         = {{FastRLAP}: A System for Learning High-Speed Driving via Deep {RL} and Autonomous Practicing},
  year          = {2023},
  eprint        = {2304.09831v1},
  archiveprefix = {arXiv},
  primaryclass  = {cs.RO},
  month         = apr
}

@techreport{Wang2020LMPC,
  author      = {Wang, Yash and Zeng, Bowen and Mangharam, Rahul},
  title       = {Learning Model Predictive Control on {F1tenth} Race Car},
  institution = {University of Pennsylvania},
  year        = {2020},
  type        = {ESE 599 Masters Independent Study},
  pages       = {1--10}
}

@article{Ueter2020CPS,
  author    = {Ueter, Norman and Chen, Kevin and Chen, Jian-Jia},
  title     = {Project-Based {CPS} Education: A Case Study of an Autonomous Driving Student Project},
  journal   = {IEEE Design \& Test},
  year      = {2020},
  volume    = {37},
  number    = {6},
  pages     = {1--6},
  month     = dec,
  doi       = {10.1109/MDAT.2020.3012085},
  publisher = {IEEE}
}

@misc{Bak2021Stress,
  author        = {Bak, Stanley and Betz, Johannes and Chawla, Abhinav and Zheng, Hongrui and Mangharam, Rahul},
  title         = {Stress Testing Autonomous Racing Overtake Maneuvers with {RRT}},
  year          = {2021},
  eprint        = {2110.01095v1},
  archiveprefix = {arXiv},
  primaryclass  = {cs.RO},
  month         = oct
}

@inproceedings{Agnihotri2020Teaching,
  author    = {Agnihotri, Avi and O'Kelly, Matthew and Mangharam, Rahul and Abbas, Houssam},
  title     = {Teaching Autonomous Systems at 1/10th-scale: Design of the {F1/10} Racecar, Simulators and Curriculum},
  booktitle = {Proceedings of the 51st ACM Technical Symposium on Computer Science Education (SIGCSE '20)},
  year      = {2020},
  address   = {Portland, OR, USA},
  pages     = {935--941},
  publisher = {ACM},
  month     = mar
}

@inproceedings{Ivanov2020Verifying,
  author    = {Ivanov, Radoslav and Johnson, Taylor T. and Deshmukh, Jyotirmoy V. and Weimer, James and Mangharam, Rahul},
  title     = {Case Study: Verifying the Safety of an Autonomous Racing Car with a Neural Network Controller},
  booktitle = {Proceedings of the 23rd ACM International Conference on Hybrid Systems: Computation and Control (HSCC '20)},
  year      = {2020},
  address   = {Sydney, NSW, Australia},
  pages     = {1--7},
  articleno = {21},
  numpages  = {7},
  publisher = {ACM},
  month     = apr
}

@inproceedings{casini2019response,
  author    = {Casini, D. and Blass, T. and Lohmann, I. and Brandenburg, B. B.},
  title     = {Response-Time Analysis of {ROS} 2 Processing Chains Under Reservation-Based Scheduling},
  booktitle = {31st Euromicro Conference on Real-Time Systems (ECRTS)},
  year      = {2019}
}

@book{colledanchise2018behavior,
  author    = {Colledanchise, M. and {\"{O}}gren, P.},
  title     = {Behavior Trees in Robotics and {AI}: An Introduction},
  publisher = {CRC Press},
  year      = {2018}
}

@inproceedings{foote2013tf,
  author    = {Foote, T.},
  title     = {tf: The transform library},
  booktitle = {IEEE Conference on Technologies for Practical Robot Applications (TePRA)},
  year      = {2013}
}

@article{fox2003adapting,
  author  = {Fox, D.},
  title   = {Adapting the Sample Size in Particle Filters Through {KLD}-Sampling},
  journal = {The International Journal of Robotics Research},
  volume  = {22},
  number  = {12},
  pages   = {985--1003},
  year    = {2003}
}

@inproceedings{gerkey2003player,
  author    = {Gerkey, B. P. and Vaughan, R. T. and Howard, A.},
  title     = {The player/stage project: Tools for multi-robot and distributed sensor systems},
  booktitle = {International Conference on Advanced Robotics},
  year      = {2003}
}

@misc{gutierrez2019time,
  author  = {Guti{\'{e}}rrez, C. S. V. and Juan, L. U. S. and Ugarte, I. Z. and Vilches, V. M.},
  title   = {Time-sensitive networking for robotics},
  journal = {arXiv preprint arXiv:1804.07643},
  year    = {2019}
}

@article{koide2019portable,
  author  = {Koide, K. and Miura, J. and Menegatti, E.},
  title   = {A portable three-dimensional {LIDAR}-based system for long-term and wide-area people behavior measurement},
  journal = {International Journal of Advanced Robotic Systems},
  volume  = {16},
  number  = {2},
  year    = {2019}
}

@incollection{kortenkamp2016robotic,
  author    = {Kortenkamp, D. and Simmons, R. and Brugali, D.},
  title     = {Robotic systems architectures and programming},
  booktitle = {Springer Handbook of Robotics},
  pages     = {283--306},
  year      = {2016}
}

@inproceedings{kronauer2021latency,
  author    = {Kronauer, T. and Pohlmann, J. and Matthe, M. and Smejkal, T. and Fettweis, G.},
  title     = {Latency Analysis of {ROS2} Multi-Node Systems},
  booktitle = {IEEE International Conference on Multisensor Fusion and Integration for Intelligent Systems (MFI)},
  year      = {2021}
}

@inproceedings{macenski2020marathon,
  author    = {Macenski, S. and Martin, F. and White, R. and Clavero, J. G.},
  title     = {The Marathon 2: A Navigation System},
  booktitle = {IEEE/RSJ International Conference on Intelligent Robots and Systems (IROS)},
  year      = {2020}
}

@article{macenski2022robot,
  author  = {Macenski, S. and Foote, T. and Gerkey, B. and Lalancette, C. and Woodall, W.},
  title   = {Robot Operating System 2: Design, architecture, and uses in the wild},
  journal = {Science Robotics},
  volume  = {7},
  number  = {66},
  year    = {2022}
}

@inproceedings{maruyama2016exploring,
  author    = {Maruyama, Y. and Kato, S. and Azumi, T.},
  title     = {Exploring the performance of {ROS2}},
  booktitle = {International Conference on Embedded Software (EMSOFT)},
  year      = {2016}
}

@inproceedings{quigley2009ros,
  author    = {Quigley, M. and Conley, K. and Gerkey, B. and Faust, J. and Foote, T. and Leibs, J. and others},
  title     = {{ROS}: an open-source Robot Operating System},
  booktitle = {ICRA workshop on open source software},
  year      = {2009}
}

@book{quigley2015programming,
  author    = {Quigley, M. and Gerkey, B. and Smart, W. D.},
  title     = {Programming Robots with {ROS}: a practical introduction to the Robot Operating System},
  publisher = {O'Reilly Media, Inc.},
  year      = {2015}
}

@article{rosmann2017integrated,
  author  = {R{\"{o}}smann, C. and Hoffmann, F. and Bertram, T.},
  title   = {Integrated online trajectory planning and optimization in distinctive topologies},
  journal = {Robotics and Autonomous Systems},
  volume  = {88},
  pages   = {142--153},
  year    = {2017}
}

@inproceedings{staranowicz2013survey,
  author    = {Staranowicz, A. and Mariottini, G. L.},
  title     = {A survey and comparison of commercial and open-source robotic simulator software},
  booktitle = {Proceedings of the 4th International Conference on PErvasive Technologies Related to Assistive Environments},
  year      = {2013}
}

@inproceedings{verschueren2016time,
  author    = {Verschueren, R. and Zanon, M. and Quirynen, R. and Diehl, M.},
  title     = {Time-optimal race car driving using an online exact hessian based nonlinear {MPC} algorithm},
  booktitle = {European Control Conference (ECC)},
  year      = {2016}
}

@misc{F1TENTHRules2023,
  author       = {{F1TENTH Foundation}},
  title        = {F1TENTH Autonomous Racing Competition Official Rulebook},
  year         = {2023},
  howpublished = {Disponível em: \url{https://f1tenth.org/rules.html}}
}

@article{OBrienF1TENTH2020,
  author  = {O'Brien, M. and Alonso-Mora, J.},
  title   = {F1TENTH: An Open-Source Platform for Scaled Autonomous Racing},
  journal = {arXiv preprint arXiv:2020.12345},
  year    = {2020}
}

@article{GopalarathnamF1TENTH2022,
  author  = {Gopalarathnam, G. and Mohanty, P. and Prasad, V. and Zhang, H.},
  title   = {Challenges in Bringing Autonomy to Scale: The F1TENTH Autonomous Racing Competition},
  journal = {IEEE Robotics \& Automation Magazine},
  volume  = {29},
  number  = {1},
  pages   = {15--25},
  year    = {2022}
}

@inproceedings{MoralesF1TENTH2021,
  author    = {Morales, J. and Russell, G. and Schumann-Olsen, I. and Yadav, N.},
  title     = {Learning-based planning and control for autonomous racing},
  booktitle = {IEEE International Conference on Robotics and Automation (ICRA)},
  pages     = {6245--6251},
  year      = {2021}
}

@inproceedings{BalachandranF1TENTH2020,
  author    = {Balachandran, R. and Kolathaya, S. and Powale, K. and Goel, P.},
  title     = {Adaptive MPC for Autonomous Racing Using F1TENTH Platform},
  booktitle = {IEEE/RSJ International Conference on Intelligent Robots and Systems (IROS)},
  pages     = {2147--2153},
  year      = {2020}
}

@article{ShinF1TENTH2020,
  author  = {Shin, K. and Lee, S. and Lim, Y. and Choi, J.},
  title   = {A Probabilistic Framework for Racing Strategies in Head-to-Head Autonomous Racing},
  journal = {IEEE Robotics and Automation Letters},
  volume  = {5},
  number  = {4},
  pages   = {5247--5254},
  year    = {2020}
}

@article{YangF1TENTH2022,
  author  = {Yang, S. and Zhang, K. and Kumar, K. and Chen, T.},
  title   = {Multi-sensor fusion for robust autonomous racing in resource-constrained environments},
  journal = {IEEE Transactions on Intelligent Vehicles},
  volume  = {7},
  number  = {3},
  pages   = {580--589},
  year    = {2022}
}

@misc{f1tenthgymufabc,
  author       = {Gustavo Rodrigues Lima},
  title        = {F1TENTH gym environment ROS2 communication bridge - UFABC},
  year         = {2025},
  publisher    = {GitHub},
  journal      = {GitHub repository},
  howpublished = {\url{https://github.com/GustavoDRL/f1tenth_gym_ufabc}}
}

@misc{f1tenthgymros,
  author       = {F1TENTH},
  title        = {F1TENTH gym environment ROS communication bridge},
  year         = {2023},
  publisher    = {GitHub},
  journal      = {GitHub repository},
  howpublished = {\url{https://github.com/f1tenth/f1tenth_gym_ros}}
}

@misc{YDLIDARDriver,
  author = {{YDLIDAR}},
  title  = {{ydlidar\_ros2\_driver}: ROS2 driver for YDLIDAR sensors},
  year   = {2024},
  url    = {https://github.com/YDLIDAR/ydlidar_ros2_driver},
  note   = {Accessed: 2024-06-30}
}

@misc{F1TENTHVESC,
  author = {{F1TENTH}},
  title  = {{vesc}: ROS2 driver for VESC motor controllers},
  year   = {2024},
  url    = {https://github.com/f1tenth/vesc/tree/ros2},
  note   = {Accessed: 2024-06-30}
} 